<?xml version="1.0" encoding="UTF-8"?><record xmlns="http://www.loc.gov/MARC21/slim" xmlns:cinclude="http://apache.org/cocoon/include/1.0" xmlns:zs="http://www.loc.gov/zing/srw/">
  <leader>00367cz  a2200121n  4500</leader>
  <controlfield tag="001">n 2004142496</controlfield>
  <controlfield tag="003">DLC</controlfield>
  <controlfield tag="005">20041109090752.0</controlfield>
  <controlfield tag="008">041109n| acannaabn          |n ana      </controlfield>
  <datafield tag="010" ind1=" " ind2=" ">
    <subfield code="a">n 2004142496</subfield>
  </datafield>
  <datafield tag="040" ind1=" " ind2=" ">
    <subfield code="a">DLC</subfield>
    <subfield code="b">eng</subfield>
    <subfield code="c">DLC</subfield>
  </datafield>
  <datafield tag="110" ind1="2" ind2=" ">
    <subfield code="a">Toutou (Gunboat)</subfield>
  </datafield>
  <datafield tag="670" ind1=" " ind2=" ">
    <subfield code="a">Foden, Giles. Mimi and Toutou's big adventure, 2005:</subfield>
    <subfield code="b">ECIP t.p. (Toutou) data view (40 foot mahogony gunboat)</subfield>
  </datafield>
</record>